% Use the following entry as a sample for a journal article
@Article{Vincent16JPhysChemLett7p4185,
  author = 	 {Vincent, J. C. and Muuronen, M. and Pearce, K. C. and Mohanam, L. N. and Tapavicza, E. and Furche, F.},
  title = 	 {That Little Extra Kick: Nonadiabatic Effects in Acetaldehyde Photodissociation},
  journal = 	 {J. Phys. Chem. Lett.},
  year = 	 {2016},
  OPTkey = 	 {},
  volume =	 {7},
  OPTnumber = 	 {},
  pages = 	 {4185--4190},
  OPTmonth = 	 {},
  OPTnote = 	 {},
  OPTannote = 	 {}
}

@Article{Johannson14JPhysChemC118p29370,
  author = 	 {Johansson, M. P. and Warnke, I. and Le, A. and Furche, F.},
  title = 	 {At What Size do Neutral Gold Clusters Turn Three-Dimensional?}, 
  journal = 	 {J. Phys. Chem. C},
  year = 	 {2014},
  OPTkey = 	 {},
  volume =	 {118},
  OPTnumber = 	 {},
  pages =	 {29370--29377},
  OPTmonth = 	 {},
  OPTnote = 	 {},
  OPTannote = 	 {}
}


@article{Lee09JChemPhys131p174312,
  author =        {Lee, S-H},
  journal =       {J. Chem. Phys.},
  number =        {17},
  pages =         {174312-1--174312-10},
  title =         {Dynamics of multidissociation paths of acetaldehyde
                   photoexcited at 157 nm: Branching ratios,
                   distributions of kinetic energy, and angular
                   anisotropies of products},
  volume =        {131},
  year =          {2009},
  doi =           {10.1063/1.3262724},
  issn =          {0021-9606}
}


@article{Gruene.P:Science.2008,
 author="Philipp Gruene and David M. Rayner and Britta Redlich and Alexander F. G. van der Meer and
	 Jonathan T. Lyon and Gerard Meijer and Andr\'{e} Fielicke",
 title="Structures of Neutral Au$_7$, Au$_{19}$, and Au$_{20}$ Clusters in the Gas Phase",
 journal="Science",
 year="2008",
 volume="321",
 pages="674--676",
 doi="10.1126/science.1161166"
}

@article{Gruene.P:ZPC.2014,
 author="Philipp Gruene and Burkhard Butschke and Jonathan T. Lyon and David M. Rayner and Andr\'{e} Fielicke",
 title="Far-IR Spectra of Small Neutral Gold Clusters in the Gas Phase",
 journal="Z. Phys. Chem.",
 year="2014",
 volume="228",
 pages="337--350",
 doi="10.1515/zpch-2014-0480"
}

@article{Lecoultre.S:JCP.2011,
 author="S. Lecoultre and A. Rydlo and C. F\'{e}lix and J. Buttet and S. Gilb and W. Harbich",
 title="UV--Visible Absorption of Small Gold Clusters in Neon: Au$_n$ ($n$ = 1--5 and 7--9)",
 journal="J. Chem. Phys.",
 year="2011",
 volume="134",
 pages="074302",
 doi="10.1063/1.3537739"
}

@article{Olson.R:JCP.2007,
 author="Ryan M. Olson and Mark S. Gordon",
 title="Isomers of Au$_8$",
 journal="J. Chem. Phys.",
 year="2007",
 volume="126",
 pages="214310",
 doi="10.1063/1.2743005"
}

@article{Hartke.B:ACIE.2002,
        title = {Structural Transitions in Clusters},
        volume = {41},
        issn = {1521-3773},
        doi = {10.1002/1521-3773(20020503)41:9<1468::AID-ANIE1468>3.0.CO;2-K},
        number = {9},
        journal = {Angew. Chem. Int. Ed.},
        author = {Bernd Hartke},
        month = may,
        year = {2002},
        pages = {1468--1487}
}

@article{Johnston.R:DT.2003,
        author = {Roy L. Johnston},
        title = {Evolving Better Nanoparticles: Genetic Algorithms for Optimising Cluster Geometries},
        issn = {1477-9226},
        doi = {10.1039/b305686d},
        number = {22},
        journal = {Dalton Trans.},
        year = {2003},
        pages = {4193--4207}
}

@article{Deaven.D:PRL.1995,
        title = {Molecular Geometry Optimization with a Genetic Algorithm},
        volume = {75},
        doi = {10.1103/PhysRevLett.75.288},
        number = {2},
        journal = {Phys. Rev. Lett.},
        author = {D. M. Deaven and K. M. Ho},
        month = jul,
        year = {1995},
        pages = {288--291}
}

@article{Sierka.M:ACIE.2007,
        author = {Sierka, Marek and D{\"o}bler, Jens and Sauer, Joachim
                  and Santambrogio, Gabriele and Br{\"u}mmer, Mathias
                  and W{\"o}ste, Ludger and Janssens, Ewald and Meijer,
                  Gerard and Asmis, Knut. R.}, 
        title = {Unexpected Structures of Aluminum Oxide Clusters in the Gas Phase},
        volume = {46},
        issn = {1521-3773},
        doi = {10.1002/anie.200604823},
        number = {18},
        journal = {Angew. Chem. Int. Ed.},
        month = apr,
        year = {2007},
        pages = {3372--3375}
}

@article{Tao.J:PRL.2003,
  title = {Climbing the Density Functional Ladder: Nonempirical Meta-Generalized Gradient Approximation Designed for Molecules and Solids},
  author = {Tao, Jianmin and Perdew, John P. and Staroverov, Viktor N. and Scuseria, Gustavo E.},
  volume = {91},
  journal = {Phys. Rev. Lett.},
  numpages = {4},
  month = {Sep},
  year = {2003},
  url = {http://link.aps.org/doi/10.1103/PhysRevLett.91.146401},
  doi = {10.1103/PhysRevLett.91.146401},
  issue = {14},
  publisher = {American Physical Society},
  pages = {146401}
}

@article{Weigend.F:PCCP.2005,
        title = {Balanced Basis Sets of Split Valence, Triple Zeta Valence and Quadruple Zeta Valence
          Quality for H to Rn: Design and Assessment of Accuracy},
        volume = {7},
        issn = {1463-9076},
        doi = {10.1039/b508541a},
        number = {18},
        journal = {Phys. Chem. Chem. Phys.},
        author = {Weigend, Florian and Ahlrichs, Reinhart},
        year = {2005},
        pages = {3297--3305}
}

@article{Weigend.F:PCCP.2006,
        author = {Florian Weigend},
        title = {Accurate Coulomb-Fitting Basis Sets for H to Rn},
        volume = {8},
        issn = {1463-9076},
        doi = {10.1039/b515623h},
        number = {9},
        journal = {Phys. Chem. Chem. Phys.},
        year = {2006},
        pages = {1057--1065}
}

@article{Eichkorn.K:CPL.1995,
        title = {Auxiliary Basis Sets to Approximate Coulomb Potentials},
        volume = {240},
        number = {4},
        journal = {Chem. Phys. Lett.},
        author = {Eichkorn, Karin and Treutler, Oliver and {\"O}hm, Holger and H{\"a}ser, Marco and Ahlrichs, Reinhart},
        month = jun,
        year = {1995},
        pages = {283--289}
}


@article{Gilb.S:JCP.2002,
 author = {Stefan Gilb and Patrick Weis and Filip Furche and Reinhart Ahlrichs and Manfred M. Kappes},
 title = {Structures of Small Gold Cluster Cations (Au$_n^+$, $n<14$):
          Ion Mobility Measurements Versus Density Functional Calculations},
 journal="J. Chem. Phys.",
 year = {2002},
 volume = {116},
 number = {10},
 pages = {4094-4101},
 doi="10.1063/1.1445121"
}

# revTPSS
@article{Perdew.J:PRL.2009,
  author = {Perdew, John P. and Ruzsinszky, Adrienn and Csonka, G{\'a}bor I. and Constantin, Lucian A. and Sun, Jianwei},
  title = {Workhorse Semilocal Density Functional for Condensed Matter Physics and Quantum Chemistry},
  volume = {103},
  journal = {Phys. Rev. Lett.},
  numpages = {4},
  month = {Jul},
  year = {2009},
  url = {http://link.aps.org/doi/10.1103/PhysRevLett.103.026403},
  doi = {10.1103/PhysRevLett.103.026403},
  issue = {2},
  publisher = {American Physical Society},
  pages = {026403}
}

@article{Johansson.M:PRA.2008,
  author = {Johansson, Mikael P. and Lechtken, Anne and Schooss, Detlef and Kappes, Manfred M. and Furche, Filipp},
  title = {2D--3D Transition of Gold Cluster Anions Resolved},
  volume = {77},
  journal = {Phys. Rev. A},
  numpages = {7},
  month = {May},
  year = {2008},
  url = {http://link.aps.org/doi/10.1103/PhysRevA.77.053202},
  doi = {10.1103/PhysRevA.77.053202},
  issue = {5},
  publisher = {American Physical Society},
  pages = {053202}
}

@article{Johansson.M:JPCC.2008,
  author = {Johansson, Mikael P. and Vaara, Juha and Sundholm, Dage},
  title = {Exploring the Stability of Golden Fullerenes},
  journal = {J. Phys. Chem. C},
  volume = {112},
  number = {49},
  pages = {19311--19315},
  year = {2008},
  doi = {10.1021/jp808076f}
}

@article {Johansson.M:ACIE.2004,
author = {Johansson, Mikael P. and Sundholm, Dage and Vaara, Juha},
title = {Au$_{32}$: A 24-Carat Golden Fullerene},
journal = {Angew. Chem. Int. Ed.},
volume = {43},
number = {20},
publisher = {WILEY-VCH Verlag},
issn = {1521-3773},
url = {http://dx.doi.org/10.1002/anie.200453986},
doi = {10.1002/anie.200453986},
pages = {2678--2681},
year = {2004},
}

# PBEsol
@article{Perdew.J:PRL.2008,
  author = {Perdew, John P. and Ruzsinszky, Adrienn and Csonka, G{\'a}bor I. and Vydrov, Oleg A. and Scuseria, Gustavo E. and Constantin, Lucian A. and Zhou, Xiaolan and Burke, Kieron},  volume = {100},
  title = {Restoring the Density-Gradient Expansion for Exchange in Solids and Surfaces},
  journal = {Phys. Rev. Lett.},
  numpages = {4},
  month = {Apr},
  year = {2008},
  url = {http://link.aps.org/doi/10.1103/PhysRevLett.100.136406},
  doi = {10.1103/PhysRevLett.100.136406},
  issue = {13},
  publisher = {American Physical Society},
  pages = {136406}
}

# PBE
@article{Perdew.J:PRL.1996,
  author = {Perdew, John P. and Burke, Kieron and Ernzerhof, Matthias},
  title = {Generalized Gradient Approximation Made Simple},
  volume = {77},
  journal = {Phys. Rev. Lett.},
  month = {Oct},
  year = {1996},
  url = {http://link.aps.org/doi/10.1103/PhysRevLett.77.3865},
  doi = {10.1103/PhysRevLett.77.3865},
  issue = {18},
  publisher = {American Physical Society},
  pages = {3865--3868}
}

# ADF basis sets
@article {vanLenthe.E:JCC.2003,
  author = {{van Lenthe}, E. and Baerends, E. J.},
  title = {Optimized Slater-Type Basis Sets for the Elements 1--118},
  journal = {J. Comput. Chem.},
  volume = {24},
  number = {9},
  publisher = {Wiley Subscription Services, Inc., A Wiley Company},
  issn = {1096-987X},
  url = {http://dx.doi.org/10.1002/jcc.10255},
  doi = {10.1002/jcc.10255},
  pages = {1142--1156},
  keywords = {Slater type basis sets, Zeta quality, ZORA equation},
  year = {2003},
}

@article {Eschrig.H:JCC.1999,
  author = {Eschrig, H. and Servedio, V. D. P.},
  title = {Relativistic Density Functional Approach to Open Shells},
  journal = {J. Comput. Chem.},
  volume = {20},
  number = {1},
  publisher = {John Wiley & Sons, Inc.},
  issn = {1096-987X},
  url = {http://dx.doi.org/10.1002/(SICI)1096-987X(19990115)20:1<23::AID-JCC5>3.0.CO;2-N},
  doi = {10.1002/(SICI)1096-987X(19990115)20:1<23::AID-JCC5>3.0.CO;2-N},
  pages = {23--30},
  keywords = {density functional theory, open-shell atoms, exchange and correlation field},
  year = {1999},
}

@article{Chang.C:PS.1986,
        author = {{Ch} Chang and M Pelissier and {Ph} Durand},
        title = {Regular Two-Component Pauli-Like Effective Hamiltonians in Dirac Theory},
        journal = {Phys. Scr.},
        volume = {34},
        doi = {10.1088/0031-8949/34/5/007},
        number = {5},
        year = {1986},
        pages = {394--404}
}

@article{vanLenthe:JCP.1993,
  author = {E. {van Lenthe} and E. J. Baerends and J. G. Snijders},
  title = {Relativistic Regular Two-Component Hamiltonians},
  publisher = {AIP},
  year = {1993},
  journal = {J. Chem. Phys.},
  volume = {99},
  number = {6},
  pages = {4597--4610},
  keywords = {RELATIVISTIC CORRECTIONS; HAMILTONIANS; TRANSFORMATIONS; DIRAC EQUATION; DIFFERENTIAL EQUATIONS; LS COUPLING; URANIUM; ATOMS; ACCURACY; PERTURBATION THEORY; SERIES EXPANSION; COULOMB FIELD; ATOMS},
  url = {http://link.aip.org/link/?JCP/99/4597/1},
  doi = {10.1063/1.466059}
}

@article {Andrae.D:TCA.1990,
   author = {Andrae, D. and H{\"a}u{\ss}ermann, U. and Dolg, M. and
                  Stoll, H. and Preu{\ss}, H.}, 
   title = {Energy-Adjusted \textit{ab initio} Pseudopotentials for the Second and Third Row Transition Elements},
   journal = {Theor. Chim. Acta},
   publisher = {Springer Berlin / Heidelberg},
   issn = {1432-881X},
   keyword = {Physics and Astronomy},
   pages = {123--141},
   volume = {77},
   issue = {2},
   url = {http://dx.doi.org/10.1007/BF01114537},
   DOI = {10.1007/BF01114537},
   year = {1990}
}




@article{Furche.F:JCP.2002,
  author = {Filipp Furche and Reinhart Ahlrichs and Patrick Weis and Christoph Jacob and Stefan Gilb and Thomas Bierweiler and Manfred M. Kappes},
  title = {The Structures of Small Gold Cluster Anions as Determined by a Combination of Ion Mobility Measurements and Density Functional Calculations},
  publisher = {AIP},
  year = {2002},
  journal = {J. Chem. Phys.},
  volume = {117},
  number = {15},
  pages = {6982--6990},
  url = {http://link.aip.org/link/?JCP/117/6982/1},
  doi = {10.1063/1.1507582}
}

@article{Hakkinen.H:JPCA.2003,
  author = {Häkkinen, Hannu and Yoon, Bokwon and Landman, Uzi and Li, Xi and Zhai, Hua-Jin and Wang, Lai-Sheng},
  title = {On the Electronic and Atomic Structures of Small Au$_N^-$ ($N$ = 4--14) Clusters: A Photoelectron Spectroscopy and Density-Functional Study},
  journal = {J. Phys. Chem. A},
  volume = {107},
  number = {32},
  pages = {6168--6175},
  year = {2003},
  doi = {10.1021/jp035437i},
  URL = {http://pubs.acs.org/doi/abs/10.1021/jp035437i},
  eprint = {http://pubs.acs.org/doi/pdf/10.1021/jp035437i}
}

@article{Xing.X:PRB.2006,
  title = {Structural Evolution of Au Nanoclusters: From Planar to Cage to Tubular Motifs},
  author = {Xing, Xiaopeng and Yoon, Bokwon and Landman, Uzi and Parks, Joel H.},
  volume = {74},
  journal = {Phys. Rev. B},
  numpages = {6},
  month = {Oct},
  year = {2006},
  url = {http://link.aps.org/doi/10.1103/PhysRevB.74.165423},
  doi = {10.1103/PhysRevB.74.165423},
  issue = {16},
  publisher = {American Physical Society},
  pages = {165423}
}

@article{Ferrighi.L:JACS.2009,
  author = {Ferrighi, Lara and Hammer, Bj{\o}rk and Madsen, Georg K. H.},
  title = {2D--3D Transition for Cationic and Anionic Gold Clusters: A Kinetic Energy Density Functional Study},
  journal = {J. Am. Chem. Soc.},
  volume = {131},
  number = {30},
  pages = {10605--10609},
  year = {2009},
  doi = {10.1021/ja903069x},
  URL = {http://pubs.acs.org/doi/abs/10.1021/ja903069x}
}

@misc{TURBOMOLE,
  title = {{\sc Turbomole} Version V6.5, TURBOMOLE GmbH, Karlsruhe, 2013, see \\
  {\tt http://www.turbomole.com}.}
}


@misc{Avogadro1,
  title = {Avogadro: An Open-Source Molecular Builder and Visualization Tool. Version 1.1.0
  {\tt http://avogadro.openmolecules.net/}.}
}

@article{Avogadro2,
	author = {Hanwell, Marcus and Curtis, Donald and Lonie, David and Vandermeersch, Tim and Zurek, Eva and Hutchison, Geoffrey},
	title = {Avogadro: An Advanced Semantic Chemical Editor, Visualization, and Analysis Platform},
	volume = {4},
	doi = {10.1186/1758-2946-4-17},
	number = {1},
	journal = {J. Cheminf.},
	year = {2012},
	pages = {17}
}

@article{Molden,
	author = {Schaftenaar, G. and Noordik, J. H.},
	title = {Molden: A Pre- and Post-Processing Program for Molecular and Electronic Structures},
	volume = {14},
	journal = {J. Comput.-Aided Mol. Design},
	year = {2000},
	pages = {123--134}
}

@misc{PyMOL,
	title = {The PyMOL Molecular Graphics System, Version 1.7},
	Author = {{Schr\"odinger, LLC}}
}

@article{Shi10a,
author = {Shi, Yuan-Kun and Li, Zhen Hua and Fan, Kang-Nian},
title = {Validation of Density Functional Methods for the Calculation of Small Gold Clusters},
journal = {J. Phys. Chem. A},
volume = {114},
number = {37},
pages = {10297-10308},
year = {2010},
doi = {10.1021/jp105428b},
URL = {http://pubs.acs.org/doi/abs/10.1021/jp105428b},
eprint = {http://pubs.acs.org/doi/pdf/10.1021/jp105428b}
}

@article{J.David:CPL.2012,
  author={David, Jorge and Guerra, Doris and Restrepo, Albeiro},
  title={Structure, Stability and Bonding in the $^1$Au$_{10}$ Clusters},
  journal={Chem. Phys. Lett.},
  volume={539},
  pages={64--69},
  year={2012},
}

@article{Zanti13a,
  title={Electronic Structure Analysis of Small Gold Clusters Au$_m$ ($m \leq 16$) by Density Functional Theory},
  author={Zanti, Giuseppe and Peeters, Daniel},
  journal={Theor. Chem. Acc.},
  volume={132},
  number={1},
  pages={1300},
  year={2013},
  doi = "10.1007/s00214-012-1300-1",
  publisher={Springer}
}

@article{Assadollahzadeh09a,
   author = "Assadollahzadeh, Behnam and Schwerdtfeger, Peter",
   title = "A Systematic Search for Minimum Structures of Small Gold Clusters Au$_n$ ($n$=2--20) and Their Electronic Properties",
   journal = "J. Chem. Phys.",
   year = "2009",
   volume = "131",
   number = "6",
   eid = 064306,
   pages = "064306",
   url = "http://scitation.aip.org/content/aip/journal/jcp/131/6/10.1063/1.3204488",
   doi = "http://dx.doi.org/10.1063/1.3204488"
}

@article{Bonacic02a,
   author = "{Bona\^{c}i\'{c}-Kouteck\'{y}}, Vlasta and Burda, Jaroslav and Mitri\'{c}, Roland and Ge, Maofa and Zampella, Giuseppe and Fantucci, Piercarlo",
   title = "Density Functional Study of Structural and Electronic Properties of Bimetallic Silver-Gold Clusters: Comparison with Pure Gold and Silver Clusters",
   journal = "J. Chem. Phys.",
   year = "2002",
   volume = "117",
   number = "7",
   pages = "3120-3131",
   url = "http://scitation.aip.org/content/aip/journal/jcp/117/7/10.1063/1.1492800",
   doi = "http://dx.doi.org/10.1063/1.1492800"
}

@article{Bulusu06a,
   author = "Bulusu, Satya and Zeng, X. C.",
   title = "Structures and Relative Stability of Neutral Gold Clusters: Au$_n$ ($n$=15--19)",
   journal = "J. Chem. Phys.",
   year = "2006",
   volume = "125",
   number = "15",
   pages = "154303",
   url = "http://scitation.aip.org/content/aip/journal/jcp/125/15/10.1063/1.2352755",
   doi = "http://dx.doi.org/10.1063/1.2352755"
}

@article {teVelde:JCC.2001,
  author = {{te Velde}, G. and Bickelhaupt, F. M. and Baerends, E. J. and {Fonseca Guerra}, C. and {van Gisbergen}, S. J. A. and Snijders, J. G. and Ziegler, T.},
  title = {Chemistry with ADF},
  journal = {J. Comput. Chem.},
  volume = {22},
  number = {9},
  publisher = {John Wiley & Sons, Inc.},
  issn = {1096-987X},
  url = {http://dx.doi.org/10.1002/jcc.1056},
  doi = {10.1002/jcc.1056},
  pages = {931--967},
  keywords = {ADF program, density functional theory, materials science, chemical bond, reactivity},
  year = {2001},
}

@article {FonsecaGuerra.C:TCA.1998,
   author = {{Fonseca Guerra}, C. and Snijders, J. G. and {te Velde}, G. and Baerends, E. J.},
   title = {Towards an Order-$N$ DFT Method},
   journal = {Theor. Chem. Acc.},
   publisher = {Springer Berlin / Heidelberg},
   issn = {1432-881X},
   pages = {391--403},
   volume = {99},
   issue = {6},
   url = {http://dx.doi.org/10.1007/s002140050353},
   doi = {10.1007/s002140050353},
   year = {1998}
}

@article{PhysRevB.66.035418,
  title = {Density-Functional Study of Au$_n$ ($n$ = 2--20) Clusters: Lowest-Energy Structures and Electronic Properties},
  author = {Wang, Jinlan and Wang, Guanghou and Zhao, Jijun},
  journal = {Phys. Rev. B},
  volume = {66},
  issue = {3},
  pages = {035418},
  numpages = {6},
  year = {2002},
  month = {Jul},
  publisher = {American Physical Society},
  doi = {10.1103/PhysRevB.66.035418},
  url = {http://link.aps.org/doi/10.1103/PhysRevB.66.035418}
}

@article{Dong-Springborg:EPJD.2007,
  title = {Global Structure Optimization Study on Au$_{2-20}$},
  author = {Y. Dong and M. Springborg},
  journal = {Eur. Phys. J. D},
  volume = {43},
  pages = {15--18},
  year = {2007},
  doi = {10.1140/epjd/e2007-00059-y},
}

@article{doi:10.1021/jp035437i,
author = {Häkkinen, Hannu and Yoon, Bokwon and Landman, Uzi and Li, Xi and Zhai, Hua-Jin and Wang, Lai-Sheng},
title = {On the Electronic and Atomic Structures of Small Au$_N^-$ ($N$ = 4--14) Clusters: A Photoelectron Spectroscopy and Density-Functional Study},
journal = {J. Phys. Chem. A},
volume = {107},
number = {32},
pages = {6168--6175},
year = {2003},
doi = {10.1021/jp035437i},
URL = {http://pubs.acs.org/doi/abs/10.1021/jp035437i},
eprint = {http://pubs.acs.org/doi/pdf/10.1021/jp035437i}
}

@book{heiz2007nanocatalysis,
  title={Nanocatalysis},
  author={Heiz, U. and Landman, U.},
  isbn={9783540745518},
  lccn={2007933497},
  series={NanoScience and Technology},
  year={2007},
  publisher={Springer}
}

@article{Haruta2001427,
author = "Masatake Haruta and Masakazu Daté",
title = "Advances in the Catalysis of Au Nanoparticles ",
journal = "Appl. Catal. A",
volume = "222",
number = "1--2",
pages = "427--437",
year = "2001",
issn = "0926-860X",
doi = "http://dx.doi.org/10.1016/S0926-860X(01)00847-X",
url = "http://www.sciencedirect.com/science/article/pii/S0926860X0100847X"
}

@article{Zanchet.A:JPCC.2011,
author = {Zanchet, Alexandre and Dorta-Urra, Anaís and Aguado, Alfredo and Roncero, Octavio},
title = {Understanding Structure, Size, and Charge Effects for the H$_2$ Dissociation Mechanism on Planar Gold Clusters},
journal = {J. Phys. Chem. C},
volume = {115},
number = {1},
pages = {47--57},
year = {2011},
doi = {10.1021/jp106733s},
URL = {http://pubs.acs.org/doi/abs/10.1021/jp106733s},
eprint = {http://pubs.acs.org/doi/pdf/10.1021/jp106733s}
}




@article {CHEM:CHEM200701263,
author = {Abad, Alberto and Corma, Avelino and García, Hermenegildo},
title = {Catalyst Parameters Determining Activity and Selectivity of Supported Gold Nanoparticles
         for the Aerobic Oxidation of Alcohols: The Molecular Reaction Mechanism},
journal = {Chem. Eur. J.},
volume = {14},
number = {1},
publisher = {WILEY-VCH Verlag},
issn = {1521-3765},
url = {http://dx.doi.org/10.1002/chem.200701263},
doi = {10.1002/chem.200701263},
pages = {212--222},
keywords = {alcohols, gold, heterogeneous catalysis, nanoparticles, oxidation},
year = {2008},
}

@article{doi:10.1021/ar400202p,
author = {Wittstock, Arne and Bäumer, Marcus},
title = {Catalysis by Unsupported Skeletal Gold Catalysts},
journal = {Acc. Chem. Res.},
volume = {47},
number = {3},
pages = {731-739},
year = {2014},
doi = {10.1021/ar400202p},
URL = {http://pubs.acs.org/doi/abs/10.1021/ar400202p},
eprint = {http://pubs.acs.org/doi/pdf/10.1021/ar400202p}
}

@article{doi:10.1021/ar4002476,
author = {Xu, Bingjun and Madix, Robert J. and Friend, Cynthia M.},
title = {Predicting Gold-Mediated Catalytic Oxidative-Coupling Reactions from Single Crystal Studies},
journal = {Acc. Chem. Res.},
volume = {47},
number = {3},
pages = {761-772},
year = {2014},
doi = {10.1021/ar4002476},
URL = {http://pubs.acs.org/doi/abs/10.1021/ar4002476},
eprint = {http://pubs.acs.org/doi/pdf/10.1021/ar4002476}
}

@article{doi:10.1021/ar400182c,
author = {Rodriguez, José A. and Senanayake, Sanjaya D. and Stacchiola, Dario and Liu, Ping and Hrbek, Jan},
title = {The Activation of Gold and the Water--Gas Shift Reaction: Insights from Studies with Model Catalysts},
journal = {Acc. Chem. Res.},
volume = {47},
number = {3},
pages = {773-782},
year = {2014},
doi = {10.1021/ar400182c},
URL = {http://pubs.acs.org/doi/abs/10.1021/ar400182c},
eprint = {http://pubs.acs.org/doi/pdf/10.1021/ar400182c}
}

@article{doi:10.1021/ol402935x,
author = {Gryparis, Charis and Kidonakis, Marios and Stratakis, Manolis},
title = {Supported Gold Nanoparticle-Catalyzed \textit{cis}-Selective
         Disilylation of Terminal Alkynes by $\sigma$ Disilanes},
journal = {Org. Lett.},
volume = {15},
number = {23},
pages = {6038--6041},
year = {2013},
doi = {10.1021/ol402935x},
URL = {http://pubs.acs.org/doi/abs/10.1021/ol402935x},
eprint = {http://pubs.acs.org/doi/pdf/10.1021/ol402935x}
}


@article{doi:10.1021/ar400165j,
author = {Liu, Xiang and He, Lin and Liu, Yong-Mei and Cao, Yong},
title = {Supported Gold Catalysis: From Small Molecule Activation to Green Chemical Synthesis},
journal = {Acc. Chem. Res.},
volume = {47},
number = {3},
pages = {793-804},
year = {2014},
doi = {10.1021/ar400165j},
URL = {http://pubs.acs.org/doi/abs/10.1021/ar400165j},
eprint = {http://pubs.acs.org/doi/pdf/10.1021/ar400165j}
}

@article{doi:10.1021/ar400209a,
author = {Yamazoe, Seiji and Koyasu, Kiichirou and Tsukuda, Tatsuya},
title = {Nonscalable Oxidation Catalysis of Gold Clusters},
journal = {Acc. Chem. Res.},
volume = {47},
number = {3},
pages = {816-824},
year = {2014},
doi = {10.1021/ar400209a},
URL = {http://pubs.acs.org/doi/abs/10.1021/ar400209a},
eprint = {http://pubs.acs.org/doi/pdf/10.1021/ar400209a}
}

@article{doi:10.1021/ar400068w,
author = {Boronat, Mercedes and Leyva-Pérez, Antonio and Corma, Avelino},
title = {Theoretical and Experimental Insights into the Origin of the Catalytic Activity
         of Subnanometric Gold Clusters: Attempts to Predict Reactivity with Clusters and Nanoparticles of Gold},
journal = {Acc. Chem. Res.},
volume = {47},
number = {3},
pages = {834-844},
year = {2014},
doi = {10.1021/ar400068w},
URL = {http://pubs.acs.org/doi/abs/10.1021/ar400068w},
eprint = {http://pubs.acs.org/doi/pdf/10.1021/ar400068w}
}

@article{Hammer-Norskov:Nature.2002,
author = {B Hammer and J. K. N{\o}rskov},
title = {Why Gold is the Noblest of All the Metals},
journal = {Nature},
volume = {376},
pages = {238--240},
year = {1995},
doi = {10.1038/376238a0}
}

@article{Zhao2013638,
author = "Pengxiang Zhao and Na Li and Didier Astruc",
title = "State of the Art in Gold Nanoparticle Synthesis ",
journal = "Coord. Chem. Rev.",
volume = "257",
number = "3--4",
pages = "638--665",
year = "2013",
issn = "0010-8545",
doi = "http://dx.doi.org/10.1016/j.ccr.2012.09.002",
url = "http://www.sciencedirect.com/science/article/pii/S0010854512002305",

}

@article{Bishea-Morse:JCP.1991a,
   author = "Bishea, Gregory A. and Morse, Michael D.",
   title = "Spectroscopic Studies of Jet-Cooled AgAu and Au$_2$",
   journal = "J. Chem. Phys.",
   year = "1991",
   volume = "95",
   number = "8",
   pages = "5646-5659",
   url = "http://scitation.aip.org/content/aip/journal/jcp/95/8/10.1063/1.461639",
   doi = "http://dx.doi.org/10.1063/1.461639"
}


@article{Bishea-Morse:JCP.1991b,
   author = "Bishea, Gregory A. and Morse, Michael D.",
   title = "Resonant Two-Photon Ionization Spectroscopy of Jet-Cooled Au$_3$",
   journal = "J. Chem. Phys.",
   year = "1991",
   volume = "95",
   number = "12",
   pages = "8779--8792",
   url = "http://scitation.aip.org/content/aip/journal/jcp/95/12/10.1063/1.461213",
   doi = "http://dx.doi.org/10.1063/1.461213"
}

@article {Beret.E:IJQC.2014,
author = {Beret, Elizabeth C. and van Wijk, Merel M. and Ghiringhelli, Luca M.},
title = {Reaction Cycles and Poisoning in Catalysis by Gold Clusters: A Thermodynamics Approach},
journal = {Int. J. Quantum Chem.},
volume = {114},
number = {1},
issn = {1097-461X},
url = {http://dx.doi.org/10.1002/qua.24503},
doi = {10.1002/qua.24503},
pages = {57--65},
keywords = {heterogenous catalysis, clusters, density functional theory, CCSD(T), ab initio atomistic thermodynamics},
year = {2014},
}

@article{Hansen.J:JCP.2013,
   author = "Hansen, Jared A. and Piecuch, Piotr and Levine, Benjamin G.",
   title = "Determining the Lowest-Energy Isomer of Au$_8$: 2D, or Not 2D",
   journal = "J. Chem. Phys.",
   year = "2013",
   volume = "139",
   number = "9",
   eid = 091101,
   pages = "091101",
   url = "http://scitation.aip.org/content/aip/journal/jcp/139/9/10.1063/1.4819693",
   doi = "http://dx.doi.org/10.1063/1.4819693"
}

@article{Fabiano.E:JCP.2011,
   author = "Fabiano, E. and Constantin, Lucian A. and Sala, F. Della",
   title = "Exchange-Correlation Generalized Gradient Approximation for Gold Nanostructures",
   journal = "J. Chem. Phys.",
   year = "2011",
   volume = "134",
   number = "19",
   eid = 194112,
   pages = "194112",
   url = "http://scitation.aip.org/content/aip/journal/jcp/134/19/10.1063/1.3587054",
   doi = "http://dx.doi.org/10.1063/1.3587054"
}

@Article{Serapian.S:Nanos.2013,
author ="Serapian, Stefano A. and Bearpark, Michael J. and Bresme, Fernando",
title  ="The Shape of Au$_8$: Gold Leaf or Gold Nugget?",
journal  ="Nanoscale",
year  ="2013",
volume  ="5",
issue  ="14",
pages  ="6445--6457",
publisher  ="The Royal Society of Chemistry",
doi  ="10.1039/C3NR01500A",
url  ="http://dx.doi.org/10.1039/C3NR01500A"
}

@article{Diefenbach.M:JPCB.2006,
author = {Diefenbach, Martin and Kim, Kwang S.},
title = {Spatial Structure of Au$_8$: Importance of Basis Set Completeness and Geometry Relaxation},
journal = {J. Phys. Chem. B},
volume = {110},
number = {43},
pages = {21639--21642},
year = {2006},
doi = {10.1021/jp0649854},
URL = {http://pubs.acs.org/doi/abs/10.1021/jp0649854},
eprint = {http://pubs.acs.org/doi/pdf/10.1021/jp0649854}
}


@article{Choi.Y:JCTC.2009,
author = {Choi, Young Cheol and Kim, Woo Youn and Lee, Han Myoung and Kim, Kwang S.},
title = {Neutral and Anionic Gold Decamers: Planar Structure with Unusual Spatial Charge-Spin Separation},
journal = {J. Chem. Theory Comput.},
volume = {5},
number = {5},
pages = {1216--1223},
year = {2009},
doi = {10.1021/ct8003113},
URL = {http://pubs.acs.org/doi/abs/10.1021/ct8003113},
eprint = {http://pubs.acs.org/doi/pdf/10.1021/ct8003113}
}

@article{Constantin.L:JCTC.2013,
author = {Constantin, Lucian A. and Fabiano, E. and Della Sala, F.},
title = {Meta-GGA Exchange-Correlation Functional with a Balanced Treatment of Nonlocality},
journal = {J. Chem. Theory Comput.},
volume = {9},
number = {5},
pages = {2256--2263},
year = {2013},
doi = {10.1021/ct400148r},
URL = {http://pubs.acs.org/doi/abs/10.1021/ct400148r},
eprint = {http://pubs.acs.org/doi/pdf/10.1021/ct400148r}
}


@article{Moller-Plesset:PR.1934,
  title = {Note on an Approximation Treatment for Many-Electron Systems},
  author = {M{\o}ller, Chr. and Plesset, M. S.},
  journal = {Phys. Rev.},
  volume = {46},
  issue = {7},
  pages = {618--622},
  year = {1934},
  month = {Oct},
  publisher = {American Physical Society},
  doi = {10.1103/PhysRev.46.618},
  url = {http://link.aps.org/doi/10.1103/PhysRev.46.618}
}

@article {Pople.J:IJQC.1976,
author = {Pople, John A. and Binkley, J. Stephen and Seeger, Rolf},
title = {Theoretical Models Incorporating Electron Correlation},
journal = {Int. J. Quantum Chem., Quantum Chem. Symp.},
volume = {10},
number = {S10},
publisher = {John Wiley & Sons, Inc.},
issn = {1097-461X},
url = {http://dx.doi.org/10.1002/qua.560100802},
doi = {10.1002/qua.560100802},
pages = {1--19},
year = {1976},
}


@article{Zhang07a,
author = {Zhang, Chun and Yoon, Bokwon and Landman, Uzi},
title = {Predicted Oxidation of CO Catalyzed by Au Nanoclusters on a Thin Defect-Free MgO Film Supported on a Mo(100) Surface},
journal = {J. Am. Chem. Soc.},
volume = {129},
number = {8},
pages = {2228--2229},
year = {2007},
doi = {10.1021/ja0684545},
URL = {http://pubs.acs.org/doi/abs/10.1021/ja0684545},
eprint = {http://pubs.acs.org/doi/pdf/10.1021/ja0684545}
}

@Article{Eshuis10a,
  author =       {Eshuis, H. and Yarkony, J. and Furche, F.},
  title =        {Fast Computation of Molecular Random Phase Approximation Correlation Energies Using
                  Resolution of the Identity and Imaginary Frequency Integration},
  journal =      {J. Chem. Phys.},
  year =         {2010},
  OPTkey =       {},
  volume =       {132},
  OPTnumber =    {},
  pages =        {234114},
  OPTmonth =     {},
  OPTnote =         {also published in \textit{Virtual Journal of Biological Physics Research} \textbf{20} (2010)},
  OPTannote =    {}
}

@Article{Eshuis12a,
  author =       {Eshuis, H. and Bates, J. E. and Furche, F.},
  title =        {Electron Correlation Methods Based on the Random Phase Approximation},
  journal =      {Theor. Chem. Acc.},
  year =         {2012},
  OPTkey =       {},
  volume =       {131},
  OPTnumber =    {},
  pages =        {1084},
  OPTmonth =     {},
  OPTnote =      {},
  OPTannote =    {}
}



@article{Harl.J:PRB.2010,
  title = {Assessing the Quality of the Random Phase Approximation for Lattice Constants and Atomization Energies of Solids},
  author = {Harl, Judith and Schimka, Laurids and Kresse, Georg},
  journal = {Phys. Rev. B},
  volume = {81},
  issue = {11},
  pages = {115126},
  numpages = {18},
  year = {2010},
  month = {Mar},
  publisher = {American Physical Society},
  doi = {10.1103/PhysRevB.81.115126},
  url = {http://link.aps.org/doi/10.1103/PhysRevB.81.115126}
}


@Article{Bates13a,
  author =       {Bates, J. E. and Furche, F.},
  title =        {Random Phase Approximation Renormalized Many-Body Perturbation Theory},
  journal =      {J. Chem. Phys.},
  year =         {2013},
  OPTkey =       {},
  volume =       {139},
  OPTnumber =    {},
  pages =        {171103},
  OPTmonth =     {},
  OPTnote =      {},
  OPTannote =    {}
}

@Article{Eshuis11a,
  author =       {Eshuis, H. and Furche, F.},
  title =        {A Parameter-Free Density Functional that Works for Non-Covalent Interactions},
  journal =      {J. Phys. Chem. Lett.},
  year =         {2011},
  OPTkey =       {},
  volume =       {2},
  OPTnumber =    {},
  pages =        {983--989},
  OPTmonth =     {},
  OPTnote =      {},
  OPTannote =    {}
}

@article{Collings.B:JCP.1994,
   author = "Collings, B. A. and Athanassenas, K. and Lacombe, D. and Rayner, D. M. and Hackett, P. A.",
   title = "Optical Absorption Spectra of Au$_7$, Au$_9$, Au$_{11}$, and Au$_{13}$, and their Cations:
            Gold clusters with 6, 7, 8, 9, 10, 11, 12, and 13 $s$-Electrons",
   journal = "J. Chem. Phys.",
   year = "1994",
   volume = "101",
   number = "5",
   pages = "3506--3513",
   url = "http://scitation.aip.org/content/aip/journal/jcp/101/5/10.1063/1.467535",
   doi = "http://dx.doi.org/10.1063/1.467535"
}

@article{Pyykko.P:ARPC.2012,
author = {Pyykkö, Pekka},
title = {Relativistic Effects in Chemistry: More Common Than You Thought},
journal = {Annu. Rev. Phys. Chem.},
volume = {63},
number = {1},
pages = {45--64},
year = {2012},
doi = {10.1146/annurev-physchem-032511-143755},
URL = {http://www.annualreviews.org/doi/abs/10.1146/annurev-physchem-032511-143755},
eprint = {http://www.annualreviews.org/doi/pdf/10.1146/annurev-physchem-032511-143755}
}

@article{Haruta.M:CT.1997,
author = "Masatake Haruta",
title = "Size- and Support-Dependency in the Catalysis of Gold ",
journal = "Catalysis Today",
volume = "36",
number = "1",
pages = "153--166",
year = "1997",
issn = "0920-5861",
doi = "http://dx.doi.org/10.1016/S0920-5861(96)00208-8",
url = "http://www.sciencedirect.com/science/article/pii/S0920586196002088",
}

  	
@article{Ghiringhelli.L:NJP.2013,
  author={Luca M Ghiringhelli and Philipp Gruene and Jonathan T Lyon and
          David M Rayner and Gerard Meijer and André Fielicke and Matthias Scheffler},
  title={Not so Loosely Bound Rare Gas Atoms: Finite-Temperature Vibrational
         Fingerprints of Neutral Gold-Cluster Complexes},
  journal={New J. Phys.},
  volume={15},
  number={8},
  pages={083003},
  url={http://stacks.iop.org/1367-2630/15/i=8/a=083003},
  year={2013},
  doi={10.1088/1367-2630/15/8/083003}
}
	
@article{LISTi,
   author = "Wang, Yan Alexander and Yam, Chi Yung and Chen, Ya Kun and Chen, GuanHua",
   title = "Linear-Expansion Shooting Techniques for Accelerating Self-Consistent Field Convergence",
   journal = "J. Chem. Phys.",
   year = "2011",
   volume = "134",
   number = "24",
   eid = 241103,
   pages = "241103",
   url = "http://scitation.aip.org/content/aip/journal/jcp/134/24/10.1063/1.3609242",
   doi = "http://dx.doi.org/10.1063/1.3609242"
}

@Article{Elliott00a,
  author = 	 {Elliott, S. D. and Ahlrichs, R. and Hampe, O. and Kappes, M. M.},
  title =	 {Auto-Ionised Products from the Reaction of Sodium Clusters with Dioxygen: Theory and Experiment}, 
  journal = 	 {Phys. Chem. Chem. Phys.},
  year = 	 {2000},
  OPTkey = 	 {},
  volume =	 {2},
  OPTnumber = 	 {},
  pages =	 {3415},
  OPTmonth = 	 {},
  OPTnote = 	 {},
  OPTannote = 	 {}
}
@Article{Deglmann04a,
  author =       {Deglmann, P. and May, K. and Furche, F. and Ahlrichs, R.},
  title =        {Nuclear Second Analytical Derivative Calculations Using Auxiliary Basis Set Expansions},
  journal =      {Chem. Phys. Lett.},
  year =         {2004},
  OPTkey =       {},
  volume =       {384},
  OPTnumber =    {},
  pages =        {103--107},
  OPTmonth =     {},
  OPTnote =      {},
  OPTannote =    {},
  doi =          {10.1016/j.cplett.2003.11.080}
}

@article{Treutler95a,
   author = "Treutler, Oliver and Ahlrichs, Reinhart",
   title = "Efficient Molecular Numerical Integration Schemes",
   journal = "J. Chem. Phys.",
   year = "1995",
   volume = "102",
   number = "1",
   pages = "346-354",
   url = "http://scitation.aip.org/content/aip/journal/jcp/102/1/10.1063/1.469408",
   doi = "http://dx.doi.org/10.1063/1.469408"
}

@article{Eshuis12b,
   author = "Eshuis, Henk and Furche, Filipp",
   title = "Basis Set Convergence of Molecular Correlation Energy Differences Within the Random Phase Approximation",
   journal = "J. Chem. Phys.",
   year = "2012",
   volume = "136",
   number = "8",
   eid = 084105,
   pages = "084105",
   url = "http://scitation.aip.org/content/aip/journal/jcp/136/8/10.1063/1.3687005",
   doi = "http://dx.doi.org/10.1063/1.3687005"
}

@Article{K.Peterson:TCA.2005,
  author = 	 {Peterson, K. A. and Puzzarini, C.},
  title = "Systematically Convergent Basis Sets for Transition Metals. II.
           Pseudopotential-Based Correlation Consistent Basis Sets
           for the Group 11 (Cu, Ag, Au) and 12 (Zn, Cd, Hg) Elements",
  journal =  {Theor. Chem. Acc.},
  year = 	 {2005},
  volume =	 {114},
  pages =	 {283--296},
}


@article{Figgen05a,
author = "Detlev Figgen and Guntram Rauhut and Michael Dolg and Hermann Stoll",
title = "Energy-Consistent Pseudopotentials for Group 11 and 12 Atoms:
         Adjustment to Multi-Configuration Dirac--Hartree--Fock Data ",
journal = "Chem. Phys.",
volume = "311",
number = "1--2",
pages = "227--244",
year = "2005",
issn = "0301-0104",
doi = "http://dx.doi.org/10.1016/j.chemphys.2004.10.005",
url = "http://www.sciencedirect.com/science/article/pii/S0301010404005658",
}


@article {Weigend08a,
author = {Weigend, Florian},
title = {Hartree-Fock Exchange Fitting Basis Sets For H to Rn},
journal = {J. Comput. Chem.},
volume = {29},
number = {2},
publisher = {Wiley Subscription Services, Inc., A Wiley Company},
issn = {1096-987X},
url = {http://dx.doi.org/10.1002/jcc.20702},
doi = {10.1002/jcc.20702},
pages = {167--175},
year = {2008},
}


@incollection{Woodham-Fielicke:SB.2013,
author={Woodham, Alex P. and Fielicke, André},
year={2013},
series={Structure and Bonding},
doi={10.1007/430_2013_136},
title={Gold Clusters in the Gas Phase},
url={http://dx.doi.org/10.1007/430_2013_136},
publisher={Springer, Berlin, Heidelberg},
pages={1--36},
language={English}
}

@article{doi:10.1021/ja312223t,
author = {Woodham, Alex P. and Meijer, Gerard and Fielicke, André},
title = {Charge Separation Promoted Activation of Molecular Oxygen by Neutral Gold Clusters},
journal = {J. Am. Chem. Soc.},
volume = {135},
number = {5},
pages = {1727--1730},
year = {2013},
doi = {10.1021/ja312223t},
URL = {http://pubs.acs.org/doi/abs/10.1021/ja312223t},
eprint = {http://pubs.acs.org/doi/pdf/10.1021/ja312223t}
}

@article {Gotz.D:JCC.2013,
author = {Götz, Daniel A. and Schäfer, Rolf and Schwerdtfeger, Peter},
title = {The Performance of Density Functional and Wavefunction-Based Methods for 2D and 3D Structures of Au$_{10}$},
journal = {J. Comput. Chem.},
volume = {34},
number = {23},
issn = {1096-987X},
url = {http://dx.doi.org/10.1002/jcc.23338},
doi = {10.1002/jcc.23338},
pages = {1975--1981},
year = {2013},
}

@article {vanWullen.C:JCC.2011,
author = {van W{\"u}llen, Christoph},
title = {Shared-Memory Parallelization of the TURBOMOLE Programs AOFORCE, ESCF, and EGRAD:
         How to quickly parallelize legacy code},
journal = {J. Comput. Chem.},
volume = {32},
number = {6},
publisher = {Wiley Subscription Services, Inc., A Wiley Company},
issn = {1096-987X},
url = {http://dx.doi.org/10.1002/jcc.21692},
doi = {10.1002/jcc.21692},
pages = {1195--1201},
year = {2011},
}

@article{Halkier.A:CPL.1998,
	title = {Basis-Set Convergence in Correlated Calculations on Ne, N$_2$, and H$_2$O},
	volume = {286},
	journal = {Chem. Phys. Lett.},
	author = {Halkier, A. and Helgaker, T. and J{\o}rgensen, P. and Klopper, W. and Koch, H. and Olsen, J. and Wilson, A. K.},
	year = {1998},
	pages = {243--252}
}

@article{M06-L,
   author = "Zhao, Yan and Truhlar, Donald G.",
   title = "A New Local Density Functional for Main-Group Thermochemistry, Transition Metal Bonding, Thermochemical Kinetics, and Noncovalent Interactions",
   journal = "J. Chem. Phys.",
   year = "2006",
   volume = "125",
   number = "19",
   eid = 194101,
   pages = "194101",
   url = "http://scitation.aip.org/content/aip/journal/jcp/125/19/10.1063/1.2370993",
   doi = "http://dx.doi.org/10.1063/1.2370993"
}

@article{Mantina.M:JCP.2009,
   author = "Mantina, Manjeera and Valero, Rosendo and Truhlar, Donald G.",
   title = "Validation Study of the Ability of Density Functionals to Predict the Planar-to-Three-Dimensional
            Structural Transition in Anionic Gold Clusters",
   journal = "J. Chem. Phys.",
   year = "2009",
   volume = "131",
   number = "6",
   eid = 064706,
   pages = "064706",
   url = "http://scitation.aip.org/content/aip/journal/jcp/131/6/10.1063/1.3190492",
   doi = "http://dx.doi.org/10.1063/1.3190492"
}

@article{M06,
author={Zhao, Yan and Truhlar, Donald G.},
title={The M06 Suite of Density Functionals for Main Group Thermochemistry, Thermochemical Kinetics, Noncovalent Interactions,
       Excited States, and Transition Elements: Two New Functionals and Systematic Testing of Four M06-Class Functionals and 12 Other Functionals},
year={2008},
issn={1432-881X},
journal={Theor. Chem. Acc.},
volume={120},
number={1--3},
doi={10.1007/s00214-007-0310-x},
url={http://dx.doi.org/10.1007/s00214-007-0310-x},
pages={215--241}
}

@article{SOGGA,
   author = "Zhao, Yan and Truhlar, Donald G.",
   title = "Construction of a Generalized Gradient Approximation by Restoring the Density-Gradient Expansion and Enforcing a Tight Lieb--Oxford Bound",
   journal = "J. Chem. Phys.",
   year = "2008",
   volume = "128",
   number = "18",
   eid = 184109,
   pages = "184109",
   url = "http://scitation.aip.org/content/aip/journal/jcp/128/18/10.1063/1.2912068",
   doi = "http://dx.doi.org/10.1063/1.2912068"
}

@Article{Johansson.M:CC.2010,
author ="Johansson, Mikael P. and Pyykkö, Pekka",
title  ="WAu$_{12}$(CO)$_{12}$?",
journal  ="Chem. Commun.",
year  ="2010",
volume  ="46",
issue  ="21",
pages  ="3762--3764",
publisher  ="The Royal Society of Chemistry",
doi  ="10.1039/C0CC00045K",
url  ="http://dx.doi.org/10.1039/C0CC00045K"
}

@article{Boys-Bernardi:MP.1970,
author = {Boys, S.F. and Bernardi, F.},
title = {The Calculation of Small Molecular Interactions by the Differences of
         Separate Total Energies. Some Procedures with Reduced Errors},
journal = {Mol. Phys.},
volume = {19},
number = {4},
pages = {553--566},
year = {1970},
doi = {10.1080/00268977000101561},
URL = {http://dx.doi.org/10.1080/00268977000101561},
eprint = {http://dx.doi.org/10.1080/00268977000101561}
}

@article{Hohenberg-Kohn:PRB.1964,
  title = {Inhomogeneous Electron Gas},
  author = {Hohenberg, P. and Kohn, W.},
  journal = {Phys. Rev.},
  volume = {136},
  issue = {3B},
  pages = {B864--B871},
  year = {1964},
  month = {Nov},
  publisher = {American Physical Society},
  doi = {10.1103/PhysRev.136.B864},
  url = {http://link.aps.org/doi/10.1103/PhysRev.136.B864}
}

@article{Jensen.F:CPL.1996,
author = "Frank Jensen",
title = "The Magnitude of Intramolecular Basis Set Superposition Error ",
journal = "Chem. Phys. Lett.",
volume = "261",
number = "6",
pages = "633--636",
year = "1996",
issn = "0009-2614",
doi = "http://dx.doi.org/10.1016/0009-2614(96)01033-0",
url = "http://www.sciencedirect.com/science/article/pii/0009261496010330"
}

@article {Senent-Wilson:IJQC.2001,
author = {Senent, M. L. and Wilson, S.},
title = {Intramolecular Basis Set Superposition Errors},
journal = {Int. J. Quantum Chem.},
volume = {82},
number = {6},
publisher = {John Wiley & Sons, Inc.},
issn = {1097-461X},
url = {http://dx.doi.org/10.1002/qua.1030},
doi = {10.1002/qua.1030},
pages = {282--292},
keywords = {Basis Sets, Basis Set Superposition Errors, Intramolecular Interactions},
year = {2001},
}

@article{Johansson-Olsen:JCTC.2008,
author = {Johansson, Mikael P. and Olsen, Jeppe},
title = {Torsional Barriers and Equilibrium Angle of Biphenyl: Reconciling Theory with Experiment},
journal = {J. Chem. Theory Comput.},
volume = {4},
number = {9},
pages = {1460--1471},
year = {2008},
doi = {10.1021/ct800182e},
URL = {http://pubs.acs.org/doi/abs/10.1021/ct800182e},
eprint = {http://pubs.acs.org/doi/pdf/10.1021/ct800182e}
}

@article{Hattig.C:CR.2012,
author = {Hättig, Christof and Klopper, Wim and Köhn, Andreas and Tew, David P.},
title = {Explicitly Correlated Electrons in Molecules},
journal = {Chem. Rev.},
volume = {112},
number = {1},
pages = {4-74},
year = {2012},
doi = {10.1021/cr200168z},
URL = {http://pubs.acs.org/doi/abs/10.1021/cr200168z},
eprint = {http://pubs.acs.org/doi/pdf/10.1021/cr200168z}
}

@Article{Johansson.M:PCCP.2013,
author ="Johansson, Mikael P. and Swart, Marcel",
title  ="Intramolecular Halogen--Halogen Bonds?",
journal  ="Phys. Chem. Chem. Phys.",
year  ="2013",
volume  ="15",
issue  ="27",
pages  ="11543--11553",
publisher  ="The Royal Society of Chemistry",
doi  ="10.1039/C3CP50962A",
url  ="http://dx.doi.org/10.1039/C3CP50962A"
}
